
@misc{yannick_binvel_85_2018,
	title = {The \$8.5 {Trillion} {Talent} {Shortage}},
	url = {https://www.kornferry.com/insights/this-week-in-leadership/talent-crunch-future-of-work},
	abstract = {An extensive new Korn Ferry report finds that by 2030, more than 85 million jobs could go unfilled because there arenâ€™t enough skilled people to take them.},
	language = {en},
	urldate = {2023-11-19},
	publisher = {Korn Ferry},
	collaborator = {{Yannick Binvel} and {Michael Franzino} and {Alan Guarino} and {Jean-Marc Laouchez} and {Werner Penk}},
	year = {2018},
}

@article{white_prompt_2023,
	title = {A prompt pattern catalog to enhance prompt engineering with chatgpt},
	journal = {arXiv preprint arXiv:2302.11382},
	author = {White, Jules and Fu, Quchen and Hays, Sam and Sandborn, Michael and Olea, Carlos and Gilbert, Henry and Elnashar, Ashraf and Spencer-Smith, Jesse and Schmidt, Douglas C.},
	year = {2023},
}

@article{wei_chain--thought_2022,
	title = {Chain-of-thought prompting elicits reasoning in large language models},
	volume = {35},
	journal = {Advances in Neural Information Processing Systems},
	author = {Wei, Jason and Wang, Xuezhi and Schuurmans, Dale and Bosma, Maarten and Xia, Fei and Chi, Ed and Le, Quoc V. and Zhou, Denny},
	year = {2022},
	pages = {24824--24837},
}

@article{madaan_self-refine_2023,
	title = {Self-refine: {Iterative} refinement with self-feedback},
	journal = {arXiv preprint arXiv:2303.17651},
	author = {Madaan, Aman and Tandon, Niket and Gupta, Prakhar and Hallinan, Skyler and Gao, Luyu and Wiegreffe, Sarah and Alon, Uri and Dziri, Nouha and Prabhumoye, Shrimai and Yang, Yiming},
	year = {2023},
}
